% ------------------------------------------------------------------------
% BIBLIOGRAPHY FILE
% ------------------------------------------------------------------------
% Insert your biblio here
% 
% ------------------------------------------------------------------------
@book{BeckTDD2002,
 author = {Beck},
 title = {Test Driven Development: By Example},
 year = {2002},
 isbn = {0321146530},
 publisher = {Addison-Wesley Longman Publishing Co., Inc.},
 address = {Boston, MA, USA},
} 

 
@inproceedings{eddy2017pilot,
  title={A pilot study on introducing continuous integration and delivery into undergraduate software engineering courses},
  author={Eddy, Brian P and Wilde, Norman and Cooper, Nathan A and Mishra, Bhavyansh and Gamboa, Valeria S and Shah, Keenal M and Deleon, Adrian M and Shields, Nikolai A},
  booktitle={2017 IEEE 30th Conference on Software Engineering Education and Training (CSEE\&T)},
  pages={47-56},
  year={2017},
  organization={IEEE},
  doi={10.1109/CSEET.2017.18}, 
  ISSN={2377-570X}, 
  month={Nov},
}

@inproceedings{dunne2015social,
  title={Social testing: A framework to support adoption of continuous delivery by small medium enterprises},
  author={Dunne, Jonathan and Malone, David and Flood, Jason},
  booktitle={2015 Second International Conference on Computer Science, Computer Engineering, and Social Media (CSCESM)},
  pages={49--54},
  year={2015},
  organization={IEEE}
}

@inproceedings{yiran2018design,
  title={Design and implementation of continuous integration scheme based on Jenkins and Ansible},
  author={Yiran, Wang and Tongyang, Zhang and Yidong, Guo},
  booktitle={2018 International Conference on Artificial Intelligence and Big Data (ICAIBD)},
  pages={245--249},
  year={2018},
  organization={IEEE}
}

@inproceedings{arachchi2018continuous,
  title={Continuous Integration and Continuous Delivery Pipeline Automation for Agile Software Project Management},
  author={Arachchi, SAIBS and Perera, Indika},
  booktitle={2018 Moratuwa Engineering Research Conference (MERCon)},
  pages={156--161},
  year={2018},
  organization={IEEE}
}

@inproceedings{startingscaling,
  title={Starting and Scaling DevOps in the Enterprise},
  author={Gary Gruver},
  booktitle={Starting and Scaling DevOps in the Enterprise},
  pages={8--16},
  year={2016},
  organization={}
}

@inproceedings{raud2016caseStudy,
  title={Adpoting Continous Delivery: A Case Study},
  author={Raoul Udd},
  booktitle={Adpoting Continuous Delivery: A Case Study},
  pages={8--},
  year={2016},
  organization={Aalto University}
}

@book{farley2010contdel,
  title={continuous delivery: reliable software releases through build, test, and deployment automation},
  author={Farley and Humble},
  year={2010},
  publisher={addison-wesley professional}
}

@book{beck2000extreme,
  title={Extreme programming explained: embrace change},
  author={Beck, Kent and Gamma, Erich},
  year={2000},
  publisher={addison-wesley professional}
}

@book{goldratt2016goal,
  title={The goal: a process of ongoing improvement},
  author={Goldratt, Eliyahu M and Cox, Jeff},
  year={2016},
  publisher={Routledge}
}

@book{bass2015devops,
  title={DevOps: A software architect's perspective},
  author={Bass, Len and Weber, Ingo and Zhu, Liming},
  year={2015},
  publisher={Addison-Wesley Professional}
}

@book{huttermann2012devops,
  title={DevOps for developers},
  author={H{\"u}ttermann, Michael},
  year={2012},
  publisher={Apress}
}

@article{beck2001manifesto,
  title={Manifesto for agile software development},
  author={Beck, Kent and Beedle, Mike and Van Bennekum, Arie and Cockburn, Alistair and Cunningham, Ward and Fowler, Martin and Grenning, James and Highsmith, Jim and Hunt, Andrew and Jeffries, Ron and others},
  year={2001}
}

@misc{fowler2006continuous,
title={Continuous Integration}, 
url={https://martinfowler.com/articles/continuousIntegration.html},
journal={martinfowler.com}, 
author={Fowler, Martin},
year={2006},
month={May}
}

@article{ebert2016devops,
  title={DevOps},
  author={Ebert, Christof and Gallardo, Gorka and Hernantes, Josune and Serrano, Nicolas},
  journal={Ieee Software},
  volume={33},
  number={3},
  pages={94--100},
  year={2016},
  publisher={IEEE}
}

@online{rasbperryPIFix,
    author = "Raspberrypi.org,",
    year = "2014",
    title = "prevent hdmi from sleeping - Raspberry Pi Forums",
    url  = "https://www.raspberrypi.org/forums/viewtopic.php?t=91135",
    addendum = "(accessed: 06.03.2019)",
    keywords = "raspbian, sleep mode"
}

@online{rasbperryPIFix2,
    author = "Raspberrypi.org,",
    year = "2014",
    title = "Disable sleep mode - Raspberry Pi Forums",
    url  = "https://www.raspberrypi.org/forums/viewtopic.php?t=144833",
    addendum = "(accessed: 06.03.2019)",
    keywords = "raspbian, sleep mode"
}

@online{rasbperryPIModel3,
    author = "Raspberrypi.org,",
    year = "2016",
    title = "Raspberry Pi 3 Model B",
    url  = "https://www.raspberrypi.org/products/raspberry-pi-3-model-b/",
    addendum = "(accessed: 06.03.2019)",
    keywords = "raspberry pi, technical specifications"
}

@online{rasbperryPIModel3bplus,
    author = "Raspberrypi.org,",
    year = "2018",
    title = "Raspberry Pi 3 Model B +",
    url  = "https://www.raspberrypi.org/products/raspberry-pi-3-model-b-plus/",
    addendum = "(accessed: 06.03.2019)",
    keywords = "raspberry pi, technical specifications"
}

@online{dotnetcorecli,
    author = "Docs.microsoft.com,",
    year = "2017",
    title = ".NET Core command-line interface (CLI) tools - .NET Core CLI. | Microsoft Docs",
    url  = "https://docs.microsoft.com/en-us/dotnet/core/tools/?tabs=netcore2x",
    addendum = "(accessed: 12.01.2019)",
    keywords = "dotnet core, command line interface"
}

@online{dotnetbuild,
    author = "Docs.microsoft.com,",
    year = "2019",
    title = "dotnet build command - .NET Core CLI | Microsoft Docs",
    url  = "https://docs.microsoft.com/en-us/dotnet/core/tools/dotnet-build",
    addendum = "(accessed: 15.02.2019)",
    keywords = "dotnet core, command line interface"
}

@online{dotnettest,
    author = "Docs.microsoft.com,",
    year = "2019",
    title = "dotnet test command - .NET Core CLI | Microsoft Docs",
    url  = "https://docs.microsoft.com/en-us/dotnet/core/tools/dotnet-test?tabs=netcore21",
    addendum = "(accessed: 15.02.2019)",
    keywords = "dotnet core, command line interface"
}

@online{dotnetpack,
    author = "Docs.microsoft.com,",
    year = "2019",
    title = "dotnet pack command - .NET Core CLI | Microsoft Docs",
    url  = "https://docs.microsoft.com/en-us/dotnet/core/tools/dotnet-pack",
    addendum = "(accessed: 15.02.2019)",
    keywords = "dotnet core, command line interface"
}

@online{dotnetnuget,
    author = "Docs.microsoft.com,",
    year = "2019",
    title = "dotnet nuget push",
    url  = "https://docs.microsoft.com/en-us/dotnet/core/tools/dotnet-nuget-push",
    addendum = "(accessed: 15.02.2019)",
    keywords = "dotnet core, command line interface"
}

@online{sonatypenexus,
    author = "Help.sonatype.com,",
    year = "2019",
    title = "Repository Manager 2.",
    url  = "https://help.sonatype.com/repomanager2",
    addendum = "(accessed: 10.02.2019)",
    keywords = "artifact repository, nuget packages"
}

@online{sonatypenexusdocker,
    author = "Sonatype,",
    year = "2018",
    title = "Docker hub - sonatype/docker-nexus",
    url  = "https://hub.docker.com/r/sonatype/nexus",
    addendum = "(accessed: 08.03.2019)",
    keywords = "artifact repository, nuget packages"
}

@online{axelositilandagile,
    author = "Axelos,",
    year = "2018",
    title = "Bringing Agile and ITIL together in an Agile organization | Axelos",
    url  = "https://www.axelos.com/news/blogs/june-2018/bringing-agile-itil-together-in-agile-organization",
    addendum = "(accessed: 28.12.2019)",
    keywords = "service management, ITIL, processes, continual service improvement, agile"
}

@online{managingdotnetcomponentswithnexus,
    author = "Sonatype,",
    year = "2012",
    title = "Managing Your .NET Components with Nexus & NuGet",
    url  = "https://www.youtube.com/watch?v=FvurW9XsLN0&t=1078s",
    addendum = "(accessed: 18.03.2019)",
    keywords = "artifact repository, nuget packages"
}

@online{aboutswagger,
    author = "Smartbear,Inc",
    year = "2019",
    title = "About Swagger Specification | Documentation | Swagger | Swagger.",
    url  = "https://swagger.io/docs/specification/about/",
    addendum = "(accessed: 16.03.2019)",
    keywords = "API Documentation, REST API GUI"
}

@online{dotnetwithswagger,
    author = "Addie, Scott and Boyer, Shayne.",
    year = "2019",
    title = "Get started with Swashbuckle and ASP.NET Core.",
    url  = "https://docs.microsoft.com/en-us/aspnet/core/tutorials/getting-started-with-swashbuckle?view=aspnetcore-2.2&tabs=visual-studio",
    addendum = "(accessed: 29.07.2018)",
    keywords = "API Documentation, REST API GUI"
}

@online{kestrel,
    author = "Dykstra, Tom and Halter, Stephen and Ross, Chris",
    year = "2019",
    title = "Kestrel web server implementation in ASP.NET Core",
    url  = "https://docs.microsoft.com/en-us/aspnet/core/fundamentals/servers/kestrel?view=aspnetcore-2.2",
    addendum = "(accessed: 23.11.2018)",
    keywords = "Web services, dotnet, web server"
}

@online{microsoftintegrationtesting,
    author = "Latham, Luke and Smith, Steve",
    year = "2019",
    title = "Integration tests in ASP.NET Core",
    url  = "https://docs.microsoft.com/en-us/aspnet/core/test/integration-tests?view=aspnetcore-2.2",
    addendum = "(accessed: 12.02.2019)",
    keywords = "Web services, dotnet, integration tests"
}

@online{andrewlockblog,
    author = "Lock, Andrew",
    year = "2016",
    title = "Introduction to integration testing with xUnit and TestServer in ASP.NET Core",
    url  = "https://andrewlock.net/introduction-to-integration-testing-with-xunit-and-testserver-in-asp-net-core/",
    addendum = "(accessed: 12.02.2019)",
    keywords = "aspnet core, testing"
}

@online{dotnetcorecentral,
    author = "Choudhury, Nirjhar",
    year = "2018",
    title = ".Net Core Central - Everything .Net Core",
    url  = "https://www.youtube.com/channel/UCjiKyvYzAYCEh4NSfsPG77A",
    addendum = "(accessed: 14.02.2019)",
    keywords = "Web services, dotnet, integration tests"
}

@online{dockerimages,
    author = "Docker, ",
    year = "2019",
    title = "Docker image build | Docker documentation",
    url  = "https://docs.docker.com/engine/reference/commandline/image_build/",
    addendum = "(accessed: 14.01.2019)",
    keywords = "docker, images, building an image"
}

@online{dockercontainers,
    author = "Docker,",
    year = "2019",
    title = "Docker container run | Docker Documentation",
    url  = "https://docs.docker.com/engine/reference/commandline/container_run/",
    addendum = "(accessed: 14.01.2019)",
    keywords = "docker, containers, running a container"
}

@online{dockerregistry,
    author = "Docker,",
    year = "2019",
    title = "Docker registry | Docker Documentation",
    url  = "https://docs.docker.com/registry/",
    addendum = "(accessed: 14.01.2019)",
    keywords = "docker, containers, storing images, image distribution"
}

@online{webdeployiis,
    author = "Microsoft, ",
    year = "2019",
    title = "Web deploy 3.6: The Official Microsoft IIS Site",
    url  = "https://www.iis.net/downloads/microsoft/web-deploy",
    addendum = "(accessed: 10.07.2019)",
    keywords = "IIS, deploy"
}

@online{efcore,
    author = "Microsoft, ",
    year = "2019",
    title = "Entity Framework | Microsoft Docs",
    url  = "https://docs.microsoft.com/en-us/ef/",
    addendum = "(accessed: 02.08.2018)",
    keywords = "ORM, data access technology"
}

@online{dockersqlserver,
    author = "Microsoft, ",
    year = "2019",
    title = "Docker Hub - microsoft/mssql-server-linux",
    url  = "https://hub.docker.com/r/microsoft/mssql-server-linux",
    addendum = "(accessed: 09.02.2019)",
    keywords = "Docker, Relational Database"
}

@online{sonarqubetooldocs,
    author = "SonarQube, ",
    year = "2019",
    title = "Issues | SonarQube Docs",
    url  = "https://docs.sonarqube.org/latest/user-guide/issues/",
    addendum = "(accessed: 04.03.2019)",
    keywords = "Static analysis, user-guide"
}

@online{dockercontainers2,
    author = "Docker, ",
    year = "2019",
    title = "What is a container? | Docker",
    url  = "https://www.docker.com/resources/what-container",
    addendum = "(accessed: 28.01.2019)",
    keywords = "Container technology, Docker"
}

@online{dockerdive,
    author = "Goodman, Alex",
    year = "2018",
    title = "GitHub - wagoodman/dive: A tool for exploring each layer in a Docker Image",
    url  = "https://github.com/wagoodman/dive",
    addendum = "(accessed: 21.03.2019)",
    keywords = "Exploring images, Image layers, layer contents"
}

@online{gitssh,
    author = "Atlassian,",
    year = "2019",
    title = "Creating SSH keys",
    url  = "https://confluence.atlassian.com/bitbucketserver/creating-ssh-keys-776639788.html",
    addendum = "(accessed: 10.02.2019)",
    keywords = "version control, security"
}

@online{gitclone,
    author = "Git,",
    year = "2019",
    title = "Git - git-clone Documentation",
    url  = "https://git-scm.com/docs/git-clone",
    addendum = "(accessed: 10.02.2019)",
    keywords = "version control, security, data synchronization"
}

@online{unittestingxunit,
    author = "Microsoft,",
    year = "2019",
    title = "Unit testing C# in .NET Core using dotnet test and xUnit \ Microsoft Docs",
    url  = "https://docs.microsoft.com/en-us/dotnet/core/testing/unit-testing-with-dotnet-test",
    addendum = "(accessed: 10.02.2019)",
    keywords = "unit testing, test framework"
}

@online{unittestingfundamentals,
    author = "Microsoft,",
    year = "2019",
    title = "Unit test basics | Microsoft Docs",
    url  = "https://docs.microsoft.com/en-us/visualstudio/test/unit-test-basics?view=vs-2019",
    addendum = "(accessed: 10.02.2019)",
    keywords = "unit testing, arrange act assert"
}

@online{robocopy,
    author = "Microsoft,",
    year = "2019",
    title = "robocopy | Microsoft Docs",
    url  = "https://docs.microsoft.com/en-us/windows-server/administration/windows-commands/robocopy",
    addendum = "(accessed: 10.02.2019)",
    keywords = "robocopy, cli synthax"
}

@online{dockervolumes,
    author = "Docker,",
    year = "2019",
    title = "Use volumes | Docker documentation",
    url  = "https://docs.docker.com/storage/volumes/",
    addendum = "(accessed: 10.02.2019)",
    keywords = "Docker volumes, persistent data"
}

@online{sonarqubejenkins,
    author = "Thiago Loureiro,",
    year = "2019",
    title = "Code Analysis with SonarQube + Docker + .NET Core",
    url  = "https://medium.com/@thiagoloureiro/code-analysis-with-sonarqube-docker-net-core-aee521ee8931",
    addendum = "(accessed: 10.02.2019)",
    keywords = "Docker, static analysis, dotnet"
}

@misc{potash1984flexible,
  title={Flexible computer architecture using arrays of standardized microprocessors customized for pipeline and parallel operations},
  author={Potash, Hanan and Levin, Burton L and Genter, Melvyn E},
  year={1984},
  month=aug # "~21",
  publisher={Google Patents},
  note={US Patent 4,467,409}
}

@misc{nosenchuck1989multinode,
  title={Multinode reconfigurable pipeline computer},
  author={Nosenchuck, Daniel M and Littman, Michael G},
  year={1989},
  month=mar # "~7",
  publisher={Google Patents},
  note={US Patent 4,811,214}
}

@misc{hiller1992highly,
  title={Highly parallel computer architecture employing crossbar switch with selectable pipeline delay},
  author={Hiller, John and Johnsen, Howard and Mason, John and Mulhearn, Brian and Petzinger, John and Rosal, Joseph and Satta, John and Shurko, Gerald and Solowiejczyk, Yedidiah and Stamm, Kenneth and others},
  year={1992},
  month=jan # "~14",
  publisher={Google Patents},
  note={US Patent 5,081,575}
}

@misc{donner1993computer,
  title={Computer architecture for conserving power by using shared resources and method for suspending processor execution in pipeline},
  author={Donner, Robert W},
  year={1993},
  month=apr # "~13",
  publisher={Google Patents},
  note={US Patent 5,203,003}
}